@BOOK{主参考书,
  title     = "Digital design and computer architecture, {RISC-V} edition",
  author    = "Harris, Sarah and Harris, David",
  publisher = "Morgan Kaufmann",
  month     =  nov,
  year      =  2021,
  address   = "Oxford, England",
  language  = "en"
}
